@misc{Pullia,
        author = {Antonino Pullia},
        title = {Lezioni},
        note = {Per tutta fisica 1}
}

@misc{Fontanesi,
        author = {Fontanesi},
        title = {Lezioni},
        note = {Per tutta fisica 2}
}

@misc{Franzoni,
        author = {Franzoni},
        title = {Lezioni},
        note = {per la parte sull'effetto Doppler}
}

@misc{Baldini,
        author = {Baldini},
        title = {Lezioni},
        note = {Per tutta fisica 3}
}

@misc{Paganoni,
        author = {Paganoni},
        title = {Lezioni},
        note = {Per la parte sulla teoria cinetica dei gas perfetti}
}

@misc{Lucchini,
        author = {Lucchini},
        title = {Lezioni},
        note = {Per la parte sui moti armonici, sull'energia delle orbite e su ottica geometrica}
}


@book{Feynm,
   author    = {Richard P. Feynman and Robert B. Leighton and Mattew Sands},
   editor    = {Addison--Wesley Publishing Company},
   title     = {The Feynman Lectures on Physics}
}

@misc{Monica,
        author = {Monica Ballerini},
        title = {Lezioni},
        note = {Per molti esempi di fisica 2, effetto Hall}
}

@misc{Barney,
        author = {Ruggero Barni},
        title = {Lezioni},
        note = {per molti esempi di fisica 2, sistemi di coordinate, multipoli,induzione elettromagnetica}
}

@misc{Maddalena,
        author = {Maddalena Collini},
        title = {Lezioni},
        note = {per molti esempi di fisica 3, effetto Doppler termico}
}


@book{Fisica1,
   author    = {Resnick and Halliday and Krane},
   editor    = {Casa Editrice Ambrosiana},
   title     = {Fisica 1},
   year      = 2003,
   edition   = {5}
}


@book{Mate,
   author    = {Murray R. Spiegel},
   editor    = {Etas Libri},
   title     = {Manuale di Matematica},
   series    = {Schaum}
}


@book{alonso,
   author    = {Marcello Alons and Edward J. Finn},
   editor    = {Addison--Wesley Publishing Company},
   title     = {Quantum and statistical physics}
}


@book{az,
   author    = {Rohlf},
   title     = {Modern Physics from $\alpha$ to $Z_0$}
}


@book{elettro,
   author    = {Pietro Caldirola and Marcello Fontanesi and Elio Sindoni},
   editor    = {Masson},
   title     = {Elettromagnetismo -- parte I e II},
   series    = {Collana di fisica pura e applicata}
}


@book{enge,
   author    = {Enge and Wehr and Richards}
}


@book{modern,
   author    = {Neil Ashby and Stanley C. Miller},
   editor    = {Holden--Day, Inc.},
   title     = {Principles of Modern Physics},
   year      = 1970,
   address   = {San Francisco},
   series    = {Holden-Day series in physics},
   note      = {Bibliography: p. 505.}
}


@book{ottica,
   author    = {Bruno Rossi},
   editor    = {Masson},
   title     = {Ottica}
}

@book{jackson,
   author    = {Jackson},
   editor    = {Wiley},
   title     = {Classical Electrodynamics}
}

@book{mazzoldi,
   author    = {Paolo Mazzoldi, Massimo Nigro, Cesare Voci},
   editor    = {Edises},
   title     = {Fisica}
}

@article{mohr:1187,
author = {Peter J. Mohr and Barry N. Taylor and David B. Newell},
collaboration = {},
title = {CODATA recommended values of the fundamental physical constants: 2006},
publisher = {NIST},
year = {2008},
journal = {Journal of Physical and Chemical Reference Data},
volume = {37},
number = {3},
pages = {1187-1284},
keywords = {constants; least squares approximations},
url = {http://link.aip.org/link/?JPR/37/1187/1},
doi = {10.1063/1.2844785}
}


